<record><leader>00000cas a2200000 a 4500</leader><controlfield tag="001">524517323</controlfield><controlfield tag="006">m     o  d        </controlfield><controlfield tag="007">cr |n|||||||||</controlfield><controlfield tag="008">880125c19389999waudn n o     0    0eng c</controlfield><datafield ind1=" " ind2=" " tag="010"><subfield code="a">  2010252577</subfield></datafield><datafield ind1=" " ind2=" " tag="040"><subfield code="a">CCO</subfield><subfield code="b">eng</subfield><subfield code="c">CCO</subfield><subfield code="d">WAU</subfield><subfield code="d">DLC</subfield><subfield code="d">OCLCQ</subfield><subfield code="d">OCLCF</subfield><subfield code="d">OCLCQ</subfield></datafield><datafield ind1=" " ind2=" " tag="042"><subfield code="a">pcc</subfield></datafield><datafield ind1=" " ind2=" " tag="043"><subfield code="a">n-us-wa</subfield></datafield><datafield ind1="0" ind2="0" tag="245"><subfield code="a">Walla Walla union-bulletin.</subfield></datafield><datafield ind1=" " ind2=" " tag="260"><subfield code="a">[Walla Walla, Wash.] :</subfield><subfield code="b">[Walla Walla Union-Bulletin]</subfield></datafield><datafield ind1=" " ind2=" " tag="310"><subfield code="a">Daily (except Saturday)</subfield></datafield><datafield ind1=" " ind2=" " tag="336"><subfield code="a">text</subfield><subfield code="b">txt</subfield><subfield code="2">rdacontent</subfield></datafield><datafield ind1=" " ind2=" " tag="337"><subfield code="a">computer</subfield><subfield code="b">c</subfield><subfield code="2">rdamedia</subfield></datafield><datafield ind1=" " ind2=" " tag="338"><subfield code="a">online resource</subfield><subfield code="b">cr</subfield><subfield code="2">rdacarrier</subfield></datafield><datafield ind1="1" ind2=" " tag="362"><subfield code="a">Print began with vol. 69, no. 233 (Jan. 16, 1938).</subfield></datafield><datafield ind1=" " ind2=" " tag="525"><subfield code="a">Has annual supplemental issue called "Progress edition", &lt;1950-1972&gt;</subfield></datafield><datafield ind1=" " ind2=" " tag="588"><subfield code="a">Description based on print version record.</subfield></datafield><datafield ind1=" " ind2="0" tag="651"><subfield code="a">Walla Walla (Wash.)</subfield><subfield code="v">Newspapers.</subfield></datafield><datafield ind1=" " ind2="7" tag="651"><subfield code="a">Washington (State)</subfield><subfield code="z">Walla Walla.</subfield><subfield code="2">fast</subfield><subfield code="0">(OCoLC)fst01208940</subfield></datafield><datafield ind1=" " ind2="7" tag="655"><subfield code="a">Newspapers.</subfield><subfield code="2">fast</subfield><subfield code="0">(OCoLC)fst01423814</subfield></datafield><datafield ind1=" " ind2=" " tag="752"><subfield code="a">United States</subfield><subfield code="b">Washington</subfield><subfield code="c">Walla Walla</subfield><subfield code="d">Walla Walla.</subfield></datafield><datafield ind1="0" ind2="8" tag="776"><subfield code="i">Print version:</subfield><subfield code="t">Walla Walla union-bulletin</subfield><subfield code="x">2154-6207</subfield><subfield code="w">(DLC)sn 88085410</subfield><subfield code="w">(OCoLC)17390524</subfield></datafield><datafield ind1="0" ind2="4" tag="780"><subfield code="t">Walla Walla union (Walla Walla, Wash. : 1911)</subfield></datafield><datafield ind1="0" ind2="4" tag="780"><subfield code="t">Walla Walla daily bulletin.</subfield></datafield><datafield ind1="4" ind2="0" tag="856"><subfield code="u">http://search.ebscohost.com/login.aspx?direct=true&amp;db=nfh&amp;scope=site&amp;jn=Walla+Walla+Union-Bulletin+(WA)</subfield></datafield><datafield ind1="1" ind2=" " tag="029"><subfield code="a">AU@</subfield><subfield code="b">000045520327</subfield></datafield><datafield ind1="1" ind2=" " tag="029"><subfield code="a">NZ1</subfield><subfield code="b">16072534</subfield></datafield></record>